<?xml version="1.0" encoding="UTF-8"?><record xmlns="http://www.loc.gov/MARC21/slim" xmlns:cinclude="http://apache.org/cocoon/include/1.0" xmlns:zs="http://www.loc.gov/zing/srw/">
  <leader>00834cz  a2200169n  4500</leader>
  <controlfield tag="001">n  89289948 </controlfield>
  <controlfield tag="003">DLC</controlfield>
  <controlfield tag="005">20130308095049.0</controlfield>
  <controlfield tag="008">940615n| azannaab           |a ana      </controlfield>
  <datafield tag="010" ind1=" " ind2=" ">
    <subfield code="a">n  89289948 </subfield>
  </datafield>
  <datafield tag="040" ind1=" " ind2=" ">
    <subfield code="a">DLC</subfield>
    <subfield code="b">eng</subfield>
    <subfield code="e">rda</subfield>
    <subfield code="c">DLC</subfield>
    <subfield code="d">DLC</subfield>
  </datafield>
  <datafield tag="110" ind1="2" ind2=" ">
    <subfield code="a">Women's Leadership Development Training Programme (Ranche House College)</subfield>
  </datafield>
  <datafield tag="410" ind1="2" ind2=" ">
    <subfield code="a">Ranche House College.</subfield>
    <subfield code="b">Women's Leadership Development Training Department</subfield>
  </datafield>
  <datafield tag="410" ind1="2" ind2=" ">
    <subfield code="a">Ranche House College.</subfield>
    <subfield code="b">Women's Leadership Development Training Programme</subfield>
  </datafield>
  <datafield tag="410" ind1="2" ind2=" ">
    <subfield code="a">Ranche House College.</subfield>
    <subfield code="b">Women's Programme</subfield>
  </datafield>
  <datafield tag="510" ind1="2" ind2=" ">
    <subfield code="w">r</subfield>
    <subfield code="i">Hierarchical superior:</subfield>
    <subfield code="a">Ranche House College</subfield>
  </datafield>
  <datafield tag="670" ind1=" " ind2=" ">
    <subfield code="a">Women and development in Zimbabwe, 1990:</subfield>
    <subfield code="b">p. following t.p. (Women's Leadership Development Training Programme) frwd. (Ranche House College Women's Programme; Women's Leadership Development Training Department)</subfield>
  </datafield>
</record>